<record xmlns='http://www.loc.gov/MARC21/slim'><leader>01327cim a22003492u 4500</leader><controlfield tag='001'>3601632</controlfield><controlfield tag='005'>20151214182914.0</controlfield><controlfield tag='007'>ss|lmnjluz|nuu</controlfield><controlfield tag='008'>991101s1982    nyunnn         l    eng d</controlfield><datafield ind1=' ' ind2=' ' tag='035'><subfield code='a'>(NIC)notisASF8697</subfield></datafield><datafield ind1=' ' ind2=' ' tag='035'><subfield code='a'>3601632</subfield></datafield><datafield ind1=' ' ind2=' ' tag='035'><subfield code='a'>(OCoLC)63897927</subfield></datafield><datafield ind1=' ' ind2=' ' tag='040'><subfield code='a'>NIC</subfield><subfield code='c'>NIC</subfield><subfield code='d'>NIC</subfield><subfield code='d'>NIC</subfield></datafield><datafield ind1='1' ind2=' ' tag='100'><subfield code='a'>Padella, Herberto.</subfield></datafield><datafield ind1='1' ind2='4' tag='245'><subfield code='a'>The role of the writer in Cuba</subfield><subfield code='h'>[sound recording]</subfield></datafield><datafield ind1=' ' ind2=' ' tag='260'><subfield code='c'>1982.</subfield></datafield><datafield ind1=' ' ind2=' ' tag='300'><subfield code='a'>2 sound cassettes (80 min.) :</subfield><subfield code='b'>analog, mono.</subfield></datafield><datafield ind1=' ' ind2=' ' tag='500'><subfield code='a'>Recorded in Ithaca, NY by Cornell University.</subfield></datafield><datafield ind1=' ' ind2=' ' tag='500'><subfield code='a'>Sponsored by: Cuban Student Society,Latin American Studies Program,Student Finance Commission.</subfield></datafield><datafield ind1=' ' ind2=' ' tag='518'><subfield code='a'>Lecture, December 7, 1982.</subfield></datafield><datafield ind1=' ' ind2=' ' tag='520'><subfield code='a'>Padella discusses the role of the writer in communist Cuba where he is seen not as a hero, but as an unglorified contributor to social justice.</subfield></datafield><datafield ind1=' ' ind2='0' tag='650'><subfield code='a'>Authors, Cuban.</subfield></datafield><datafield ind1=' ' ind2='0' tag='650'><subfield code='a'>Cuban literature</subfield><subfield code='y'>20th century.</subfield></datafield><datafield ind1=' ' ind2='0' tag='651'><subfield code='a'>Cuba</subfield><subfield code='x'>Intellectual life.</subfield></datafield><datafield ind1=' ' ind2='7' tag='648'><subfield code='a'>1900 - 1999</subfield><subfield code='2'>fast</subfield></datafield><datafield ind1=' ' ind2='7' tag='650'><subfield code='a'>Authors, Cuban</subfield><subfield code='2'>fast</subfield><subfield code='0'>(OCoLC)fst00821914</subfield></datafield><datafield ind1=' ' ind2='7' tag='650'><subfield code='a'>Cuban literature</subfield><subfield code='2'>fast</subfield><subfield code='0'>(OCoLC)fst00884812</subfield></datafield><datafield ind1=' ' ind2='7' tag='650'><subfield code='a'>Intellectual life</subfield><subfield code='2'>fast</subfield><subfield code='0'>(OCoLC)fst00975769</subfield></datafield><datafield ind1=' ' ind2='7' tag='651'><subfield code='a'>Cuba</subfield><subfield code='2'>fast</subfield><subfield code='0'>(OCoLC)fst01205805</subfield></datafield><datafield ind1='1' ind2=' ' tag='899'><subfield code='a'>CULectures</subfield></datafield><datafield ind1=' ' ind2=' ' tag='905'><subfield code='a'>20000121120000.0</subfield></datafield><datafield ind1='2' ind2=' ' tag='948'><subfield code='a'>20141221</subfield><subfield code='b'>m</subfield><subfield code='d'>batch</subfield><subfield code='e'>lts</subfield><subfield code='x'>addfast</subfield></datafield></record>